<record><leader>00000cas a22000007a 4500</leader><controlfield tag="001">13048137</controlfield><controlfield tag="008">860122d19031911wvuwr ne      0    0eng d</controlfield><datafield ind1=" " ind2=" " tag="010"><subfield code="a">sn 86092088 </subfield></datafield><datafield ind1=" " ind2=" " tag="040"><subfield code="a">WVC</subfield><subfield code="b">eng</subfield><subfield code="c">WVC</subfield><subfield code="d">OCL</subfield><subfield code="d">OCLCQ</subfield></datafield><datafield ind1=" " ind2=" " tag="042"><subfield code="a">msc</subfield></datafield><datafield ind1="0" ind2=" " tag="130"><subfield code="a">Logan banner (Logan, W. Va. : Weekly)</subfield></datafield><datafield ind1="1" ind2="4" tag="245"><subfield code="a">The Logan banner.</subfield></datafield><datafield ind1=" " ind2=" " tag="260"><subfield code="a">Logan, W. Va. :</subfield><subfield code="b">Thos. B. Garner,</subfield><subfield code="c">-1911.</subfield></datafield><datafield ind1=" " ind2=" " tag="300"><subfield code="a">v.</subfield></datafield><datafield ind1=" " ind2=" " tag="310"><subfield code="a">Weekly</subfield></datafield><datafield ind1="1" ind2=" " tag="362"><subfield code="a">Began in May, 1903.</subfield></datafield><datafield ind1="0" ind2=" " tag="362"><subfield code="a">-v. 23, no. 6 (Aug. 11, 1911).</subfield></datafield><datafield ind1=" " ind2=" " tag="500"><subfield code="a">"Logan County and Guyan Valley First, The Rest of the World Afterward."</subfield></datafield><datafield ind1=" " ind2=" " tag="588"><subfield code="a">Description based on: Vol. 15, no. 23 (June 4, 1903).</subfield></datafield><datafield ind1=" " ind2=" " tag="752"><subfield code="a">United States</subfield><subfield code="b">West Virginia</subfield><subfield code="c">Logan</subfield><subfield code="d">Logan.</subfield></datafield><datafield ind1="0" ind2="0" tag="780"><subfield code="t">Logan County banner</subfield><subfield code="w">(DLC)sn 86092009</subfield></datafield><datafield ind1="0" ind2="0" tag="785"><subfield code="t">Logan banner and the Logan republican</subfield><subfield code="w">(DLC)sn 86092008</subfield></datafield></record>